@book{koza92,
		author    = "Koza, John R.",
		title     = "Genetic Programming: On the Programming of Computers by Means of Natural Selection",
		publisher = "MIT Press",
		year      = "1992"
}


@misc{ wiki:latex,
       author = "Wikipedia",
       title = "LaTeX --- Wikipedia{,} La enciclopedia libre",
       year = "2015",
       url = "https://es.wikipedia.org/w/index.php?title=LaTeX&oldid=84209252",
       note = "[Internet; descargado 30-septiembre-2015]"
}

@misc{salariomedio,
	author = "Indeed",
	howpublished = "\url{https://es.indeed.com/career/programador-junior/salaries}",
}

@misc{capas,
	author = "{Wikipedia contributors}",
	title = "Multitier architecture --- {Wikipedia}{,} The Free Encyclopedia",
	year = "2024",
	howpublished = "\url{https://en.wikipedia.org/w/index.php?title=Multitier_architecture&oldid=1226040587}",
	note = "[Online; accessed 7-July-2024]"
}

@misc{repo,
	author = "{Luis Ángel Espinosa Lafuente}",
	title= "Detección de ejercicios en vídeos de rehabilitación",
	howpublished = "\url{https://github.com/fravian99/Deteccion-de-ejercicios-en-videos-de-rehabilitacion}",
	
}
