@misc{ wiki:latex,
	author = "Wikipedia",
	title = "LaTeX --- Wikipedia{,} La enciclopedia libre",
	year = "2015",
	howpublished = {\url{https://es.wikipedia.org/w/index.php?title=LaTeX&oldid=84209252}},
	note = "[Internet; descargado 30-septiembre-2015]"
}

@misc{ wiki:textudio,
	author = "Wikipedia",
	title = "TeXstudio --- Wikipedia{,} La enciclopedia libre",
	year = "2024",
	howpublished = {\url{https://es.wikipedia.org/w/index.php?title=TeXstudio&oldid=158396992}},
	note = "[Internet; descargado 23-febrero-2024]"
}

@misc{ wiki:visualstudiocode,
	author = "Wikipedia",
	title = "Visual Studio Code --- Wikipedia{,} La enciclopedia libre",
	year = "2024",
	howpublished = {\url{https://es.wikipedia.org/w/index.php?title=Visual_Studio_Code&oldid=158794261}},
	note = "[Internet; descargado 14-marzo-2024]"
}
